@Book{model_checking,
    title = {Principles of Model Checking},
    author = {Christel Baier, Joost-Pieter Katoen},
    year = {2008},
    publisher = {The MIT Press},
}

@Book{javafx,
    title = {Learn JavaFX 8. Building User Experience and Interfaces with Java 8},
% TODO: \usepackage{graphicx} required
\begin{figure}
\centering
\includegraphics[width=0.7\linewidth]{logo_ujd}
\caption{}
\label{fig:logoujd}
\end{figure}
% TODO: \usepackage{graphicx} required
\begin{figure}
\centering
\includegraphics[width=0.7\linewidth]{logo_ujd}
\caption{}
\label{fig:logoujd}
\end{figure}
    author = {Kishori Sharan},
    year = {2015},
    publisher = {Apress},
}

@Book{java8,
    title = {Java 8. Przewodnik doświadczonego programisty},
    author = {Cay S.~Horstmann},
    year = {2015},
    publisher = {Helion},
}

@Book{java_fundamentals,
    title = {Java. Podstawy. Wydanie XII},
    author = {Cay S.~Horstmann},
    year = {2022},
    publisher = {Helion},
}

@Book{java_advanced,
    title = {Java. Techniki zaawansowane. Wydanie IX},
    author = {Cay S.~Horstmann, Gary~Cornell},
    year = {2013},
    publisher = {Helion},
}

@Book{java_recipe,
    title = {Java. Receptury. Wydanie III},
    author = {Ian F. Darwin},
    year = {2015},
    publisher = {Helion},
}

@misc{java17doc,
    title = {Java\textregistered Platform, Standard Edition \& Java Development Kit Version 17 API Specification},
    author = {Oracle},
    howpublished = {\url{https://docs.oracle.com/javase/17/docs/api/}},
    note = {[dostęp: 28 luty 2021]}
}

@misc{javafx8doc,
    title = {JavaFX 8},
    author = {Oracle},
    howpublished = {\url{https://docs.oracle.com/javase/8/javafx/api/}},
    note = {[dostęp: 28 luty 2017]}
}

@misc{javafx8_css_guide,
    title = {JavaFX CSS Reference Guide},
    author = {Oracle},
    howpublished = {\url{https://docs.oracle.com/javase/8/javafx/api/javafx/scene/doc-files/cssref.html}},
    note = {[dostęp: 28 luty 2017]}
}

@misc{tiobe_index,
    title = {Tiobe Index},
    author = {Tiobe},
    howpublished = {\url{https://www.tiobe.com/tiobe-index/}},
    note = {[dostęp: 15 marzec 2017]}
}

