@book{Clarke18,
	author       = {Edmund M. Clarke and
	Thomas A. Henzinger and
	Helmut Veith and
	Roderick Bloem},
	title        = {Handbook of Model Checking},
	publisher    = {Springer},
	year         = {2018},
	url          = {https://doi.org/10.1007/978-3-319-10575-8},
	doi          = {10.1007/978-3-319-10575-8}
}

@book{Sipser0086373,
	author       = {Michael Sipser},
	title        = {Introduction to the theory of computation},
	publisher    = {{PWS} Publishing Company},
	year         = {1997},
	isbn         = {978-0-534-94728-6},
	timestamp    = {Thu, 21 Apr 2011 19:59:45 +0200},
	biburl       = {https://dblp.org/rec/books/daglib/0086373.bib},
	bibsource    = {dblp computer science bibliography, https://dblp.org}
}

@book{Skiena20,
	author       = {Steven Skiena},
	title        = {The Algorithm Design Manual, Third Edition},
	series       = {Texts in Computer Science},
	publisher    = {Springer},
	year         = {2020},
	url          = {https://doi.org/10.1007/978-3-030-54256-6},
	doi          = {10.1007/978-3-030-54256-6},
	isbn         = {978-3-030-54255-9},
	timestamp    = {Fri, 09 Oct 2020 10:27:00 +0200},
	biburl       = {https://dblp.org/rec/series/txcs/Skiena20.bib},
	bibsource    = {dblp computer science bibliography, https://dblp.org}
}

@book{NipkowPW02,
	author       = {Tobias Nipkow and
	Lawrence C. Paulson and
	Markus Wenzel},
	title        = {Isabelle/HOL - {A} Proof Assistant for Higher-Order Logic},
	series       = {Lecture Notes in Computer Science},
	volume       = {2283},
	publisher    = {Springer},
	year         = {2002},
	url          = {https://doi.org/10.1007/3-540-45949-9},
	doi          = {10.1007/3-540-45949-9},
	isbn         = {3-540-43376-7},
	timestamp    = {Tue, 14 May 2019 10:00:35 +0200},
	biburl       = {https://dblp.org/rec/books/sp/NipkowPW02.bib},
	bibsource    = {dblp computer science bibliography, https://dblp.org}
}

@book{BertotC04,
	author       = {Yves Bertot and
	Pierre Cast{\'{e}}ran},
	title        = {Interactive Theorem Proving and Program Development - Coq'Art: The
	Calculus of Inductive Constructions},
	series       = {Texts in Theoretical Computer Science. An {EATCS} Series},
	publisher    = {Springer},
	year         = {2004},
	url          = {https://doi.org/10.1007/978-3-662-07964-5},
	doi          = {10.1007/978-3-662-07964-5},
	isbn         = {978-3-642-05880-6},
	timestamp    = {Tue, 16 May 2017 14:24:38 +0200},
	biburl       = {https://dblp.org/rec/series/txtcs/BertotC04.bib},
	bibsource    = {dblp computer science bibliography, https://dblp.org}
}

@book{CormenLRS0023376,
	author       = {Thomas H. Cormen and
	Charles E. Leiserson and
	Ronald L. Rivest and
	Clifford Stein},
	title        = {Introduction to Algorithms, 3rd Edition},
	publisher    = {{MIT} Press},
	year         = {2009},
	url          = {http://mitpress.mit.edu/books/introduction-algorithms},
	isbn         = {978-0-262-03384-8},
	timestamp    = {Mon, 17 Aug 2020 11:36:12 +0200},
	biburl       = {https://dblp.org/rec/books/daglib/0023376.bib},
	bibsource    = {dblp computer science bibliography, https://dblp.org}
}

%--------------------------

@inproceedings{demoura08z,
	author = {de Moura, Leonardo and Bjørner, Nikolaj},
	title = {Z3: an efficient SMT solver},
	booktitle = {2008 Tools and Algorithms for Construction and Analysis of Systems},
	year = {2008},
	month = {3},
	publisher = {Springer, Berlin, Heidelberg},
	url = {https://www.microsoft.com/en-us/research/publication/z3-an-efficient-smt-solver/},
	pages = {337-340},
}

@inproceedings{Karp72,
	author       = {Richard M. Karp},
	editor       = {Raymond E. Miller and
	James W. Thatcher},
	title        = {Reducibility Among Combinatorial Problems},
	booktitle    = {Proceedings of a symposium on the Complexity of Computer Computations,
	held March 20-22, 1972, at the {IBM} Thomas J. Watson Research Center,
	Yorktown Heights, New York, {USA}},
	series       = {The {IBM} Research Symposia Series},
	pages        = {85--103},
	publisher    = {Plenum Press, New York},
	year         = {1972},
	url          = {https://doi.org/10.1007/978-1-4684-2001-2\_9},
	doi          = {10.1007/978-1-4684-2001-2\_9},
	timestamp    = {Wed, 16 Mar 2022 23:55:58 +0100},
	biburl       = {https://dblp.org/rec/conf/coco/Karp72.bib},
	bibsource    = {dblp computer science bibliography, https://dblp.org}
}

@inproceedings{Trakhtenbrot08,
	author       = {Boris A. Trakhtenbrot},
	editor       = {Arnon Avron and
	Nachum Dershowitz and
	Alexander Rabinovich},
	title        = {From Logic to Theoretical Computer Science - An Update},
	booktitle    = {Pillars of Computer Science, Essays Dedicated to Boris (Boaz) Trakhtenbrot
	on the Occasion of His 85th Birthday},
	series       = {Lecture Notes in Computer Science},
	volume       = {4800},
	pages        = {1--38},
	publisher    = {Springer},
	year         = {2008},
	url          = {https://doi.org/10.1007/978-3-540-78127-1\_1},
	doi          = {10.1007/978-3-540-78127-1\_1},
	timestamp    = {Tue, 14 May 2019 10:00:52 +0200},
	biburl       = {https://dblp.org/rec/conf/birthday/Trakhtenbrot08.bib},
	bibsource    = {dblp computer science bibliography, https://dblp.org}
}

@inproceedings{BarbosaBBKLMMMN22,
	author    = {Haniel Barbosa and
	Clark W. Barrett and
	Martin Brain and
	Gereon Kremer and
	Hanna Lachnitt and
	Makai Mann and
	Abdalrhman Mohamed and
	Mudathir Mohamed and
	Aina Niemetz and
	Andres N{\"{o}}tzli and
	Alex Ozdemir and
	Mathias Preiner and
	Andrew Reynolds and
	Ying Sheng and
	Cesare Tinelli and
	Yoni Zohar},
	editor    = {Dana Fisman and
	Grigore Rosu},
	title     = {cvc5: {A} Versatile and Industrial-Strength {SMT} Solver},
	booktitle = {Tools and Algorithms for the Construction and Analysis of Systems
	- 28th International Conference, {TACAS} 2022, Held as Part of the
	European Joint Conferences on Theory and Practice of Software, {ETAPS}
	2022, Munich, Germany, April 2-7, 2022, Proceedings, Part {I}},
	series    = {Lecture Notes in Computer Science},
	volume    = {13243},
	pages     = {415--442},
	publisher = {Springer},
	year      = {2022},
	url       = {https://doi.org/10.1007/978-3-030-99524-9\_24},
	doi       = {10.1007/978-3-030-99524-9\_24},
	timestamp = {Fri, 01 Apr 2022 15:49:27 +0200},
	biburl    = {https://dblp.org/rec/conf/tacas/BarbosaBBKLMMMN22.bib},
	bibsource = {dblp computer science bibliography, https://dblp.org},
}

@inproceedings{yices2.2,
	author={Dutertre, Bruno},
	editor={Biere, Armin
	and Bloem, Roderick},
	title={Yices 2.2},
	booktitle={Computer Aided Verification},
	year={2014},
	publisher={Springer International Publishing},
	address={Cham},
	pages={737--744},
	isbn={978-3-319-08867-9}
}

@inproceedings{ReynoldsWBBLT17,
	author       = {Andrew Reynolds and
	Maverick Woo and
	Clark W. Barrett and
	David Brumley and
	Tianyi Liang and
	Cesare Tinelli},
	editor       = {Rupak Majumdar and
	Viktor Kuncak},
	title        = {Scaling Up {DPLL(T)} String Solvers Using Context-Dependent Simplification},
	booktitle    = {Computer Aided Verification - 29th International Conference, {CAV}
	2017, Heidelberg, Germany, July 24-28, 2017, Proceedings, Part {II}},
	series       = {Lecture Notes in Computer Science},
	volume       = {10427},
	pages        = {453--474},
	publisher    = {Springer},
	year         = {2017},
	url          = {https://doi.org/10.1007/978-3-319-63390-9\_24},
	doi          = {10.1007/978-3-319-63390-9\_24},
	timestamp    = {Tue, 27 Jul 2021 08:54:13 +0200},
	biburl       = {https://dblp.org/rec/conf/cav/ReynoldsWBBLT17.bib},
	bibsource    = {dblp computer science bibliography, https://dblp.org}
}

@inproceedings{HadareanBRTD15,
	author       = {Liana Hadarean and
	Clark W. Barrett and
	Andrew Reynolds and
	Cesare Tinelli and
	Morgan Deters},
	editor       = {Martin Davis and
	Ansgar Fehnker and
	Annabelle McIver and
	Andrei Voronkov},
	title        = {Fine Grained {SMT} Proofs for the Theory of Fixed-Width Bit-Vectors},
	booktitle    = {Logic for Programming, Artificial Intelligence, and Reasoning - 20th
	International Conference, {LPAR-20} 2015, Suva, Fiji, November 24-28,
	2015, Proceedings},
	series       = {Lecture Notes in Computer Science},
	volume       = {9450},
	pages        = {340--355},
	publisher    = {Springer},
	year         = {2015},
	url          = {https://doi.org/10.1007/978-3-662-48899-7\_24},
	doi          = {10.1007/978-3-662-48899-7\_24},
	timestamp    = {Mon, 03 Jan 2022 22:31:30 +0100},
	biburl       = {https://dblp.org/rec/conf/lpar/HadareanBRTD15.bib},
	bibsource    = {dblp computer science bibliography, https://dblp.org}
}

@inproceedings{abs-2107-02354,
	author       = {Hans{-}J{\"{o}}rg Schurr and
	Mathias Fleury and
	Haniel Barbosa and
	Pascal Fontaine},
	editor       = {Chantal Keller and
	Mathias Fleury},
	title        = {Alethe: Towards a Generic {SMT} Proof Format (extended abstract)},
	booktitle    = {Proceedings Seventh Workshop on Proof eXchange for Theorem Proving,
	PxTP 2021, Pittsburg, PA, USA, July 11, 2021},
	series       = {{EPTCS}},
	volume       = {336},
	pages        = {49--54},
	year         = {2021},
	url          = {https://doi.org/10.4204/EPTCS.336.6},
	doi          = {10.4204/EPTCS.336.6},
	timestamp    = {Thu, 25 Nov 2021 17:17:10 +0100},
	biburl       = {https://dblp.org/rec/journals/corr/abs-2107-02354.bib},
	bibsource    = {dblp computer science bibliography, https://dblp.org}
}

@inproceedings{Moura021,
	author       = {Leonardo de Moura and
	Sebastian Ullrich},
	editor       = {Andr{\'{e}} Platzer and
	Geoff Sutcliffe},
	title        = {The Lean 4 Theorem Prover and Programming Language},
	booktitle    = {Automated Deduction - {CADE} 28 - 28th International Conference on
	Automated Deduction, Virtual Event, July 12-15, 2021, Proceedings},
	series       = {Lecture Notes in Computer Science},
	volume       = {12699},
	pages        = {625--635},
	publisher    = {Springer},
	year         = {2021},
	url          = {https://doi.org/10.1007/978-3-030-79876-5\_37},
	doi          = {10.1007/978-3-030-79876-5\_37},
	timestamp    = {Thu, 29 Sep 2022 08:36:56 +0200},
	biburl       = {https://dblp.org/rec/conf/cade/Moura021.bib},
	bibsource    = {dblp computer science bibliography, https://dblp.org}
}

@inproceedings{NotzliRBNPBT19,
	author       = {Andres N{\"{o}}tzli and
	Andrew Reynolds and
	Haniel Barbosa and
	Aina Niemetz and
	Mathias Preiner and
	Clark W. Barrett and
	Cesare Tinelli},
	editor       = {Mikol{\'{a}}s Janota and
	In{\^{e}}s Lynce},
	title        = {Syntax-Guided Rewrite Rule Enumeration for {SMT} Solvers},
	booktitle    = {Theory and Applications of Satisfiability Testing - {SAT} 2019 - 22nd
	International Conference, {SAT} 2019, Lisbon, Portugal, July 9-12,
	2019, Proceedings},
	series       = {Lecture Notes in Computer Science},
	volume       = {11628},
	pages        = {279--297},
	publisher    = {Springer},
	year         = {2019},
	url          = {https://doi.org/10.1007/978-3-030-24258-9\_20},
	doi          = {10.1007/978-3-030-24258-9\_20},
	timestamp    = {Tue, 27 Jul 2021 08:54:14 +0200},
	biburl       = {https://dblp.org/rec/conf/sat/NotzliRBNPBT19.bib},
	bibsource    = {dblp computer science bibliography, https://dblp.org}
}

@inproceedings{ReynoldsNBT20,
	author       = {Andrew Reynolds and
	Andres N{\"{o}}tzli and
	Clark W. Barrett and
	Cesare Tinelli},
	title        = {Reductions for Strings and Regular Expressions Revisited},
	booktitle    = {2020 Formal Methods in Computer Aided Design, {FMCAD} 2020, Haifa,
	Israel, September 21-24, 2020},
	pages        = {225--235},
	publisher    = {{IEEE}},
	year         = {2020},
	url          = {https://doi.org/10.34727/2020/isbn.978-3-85448-042-6\_30},
	doi          = {10.34727/2020/ISBN.978-3-85448-042-6\_30},
	timestamp    = {Sat, 30 Sep 2023 09:41:20 +0200},
	biburl       = {https://dblp.org/rec/conf/fmcad/ReynoldsNBT20.bib},
	bibsource    = {dblp computer science bibliography, https://dblp.org}
}

%--------------------------

@article{MouraB11,
  author       = {Leonardo Mendon{\c{c}}a de Moura and
                  Nikolaj S. Bj{\o}rner},
  title        = {Satisfiability modulo theories: introduction and applications},
  journal      = {Commun. {ACM}},
  volume       = {54},
  number       = {9},
  pages        = {69--77},
  year         = {2011},
  url          = {https://doi.org/10.1145/1995376.1995394},
  doi          = {10.1145/1995376.1995394}
}

@article{FortnowH03,
	author       = {Lance Fortnow and
	Steven Homer},
	title        = {A Short History of Computational Complexity},
	journal      = {Bull. {EATCS}},
	volume       = {80},
	pages        = {95--133},
	year         = {2003},
	timestamp    = {Thu, 18 Jun 2020 22:07:09 +0200},
	biburl       = {https://dblp.org/rec/journals/eatcs/FortnowH03.bib},
	bibsource    = {dblp computer science bibliography, https://dblp.org}
}

@article{Karp86,
	author       = {Richard M. Karp},
	title        = {Combinatorics, Complexity, and Randomness},
	journal      = {Commun. {ACM}},
	volume       = {29},
	number       = {2},
	pages        = {97--109},
	year         = {1986},
	url          = {https://doi.org/10.1145/5657.5658},
	doi          = {10.1145/5657.5658},
	timestamp    = {Wed, 14 Nov 2018 10:22:31 +0100},
	biburl       = {https://dblp.org/rec/journals/cacm/Karp86.bib},
	bibsource    = {dblp computer science bibliography, https://dblp.org}
}

@article{Yamada62a,
	author       = {Hisao Yamada},
	title        = {Real-Time Computation and Recursive Functions Not Real-Time Computable},
	journal      = {{IRE} Trans. Electron. Comput.},
	volume       = {11},
	number       = {6},
	pages        = {753--760},
	year         = {1962},
	url          = {https://doi.org/10.1109/TEC.1962.5219459},
	doi          = {10.1109/TEC.1962.5219459},
	timestamp    = {Mon, 25 May 2020 09:15:41 +0200},
	biburl       = {https://dblp.org/rec/journals/tc/Yamada62a.bib},
	bibsource    = {dblp computer science bibliography, https://dblp.org}
}

@article{NieuwenhuisOT06,
	author       = {Robert Nieuwenhuis and
	Albert Oliveras and
	Cesare Tinelli},
	title        = {Solving {SAT} and {SAT} Modulo Theories: From an abstract Davis--Putnam--Logemann--Loveland
	procedure to DPLL(\emph{T})},
	journal      = {J. {ACM}},
	volume       = {53},
	number       = {6},
	pages        = {937--977},
	year         = {2006},
	url          = {https://doi.org/10.1145/1217856.1217859},
	doi          = {10.1145/1217856.1217859},
	timestamp    = {Sun, 02 Oct 2022 15:39:52 +0200},
	biburl       = {https://dblp.org/rec/journals/jacm/NieuwenhuisOT06.bib},
	bibsource    = {dblp computer science bibliography, https://dblp.org}
}

@article{Korshunov1974,
	author = {Korshunov, A. D.},
	year = {1974},
	title = {Coefficient of internal stability of graphs},
	journal = {Cybernetics},
	volume = {10},
	number = {1},
	pages = {19-33},
	issn = {1573-8337},
	doi = {10.1007/BF01069014},
	url = {https://doi.org/10.1007/BF01069014},
}

@article{StumpORHT13,
	author       = {Aaron Stump and
	Duckki Oe and
	Andrew Reynolds and
	Liana Hadarean and
	Cesare Tinelli},
	title        = {{SMT} proof checking using a logical framework},
	journal      = {Formal Methods Syst. Des.},
	volume       = {42},
	number       = {1},
	pages        = {91--118},
	year         = {2013},
	url          = {https://doi.org/10.1007/s10703-012-0163-3},
	doi          = {10.1007/S10703-012-0163-3},
	timestamp    = {Tue, 27 Jul 2021 08:54:10 +0200},
	biburl       = {https://dblp.org/rec/journals/fmsd/StumpORHT13.bib},
	bibsource    = {dblp computer science bibliography, https://dblp.org}
}

%--------------------------

@misc{ enwiki:1190136070,
	author = "{Wikipedia contributors}",
	title = "Hamiltonian path problem --- {Wikipedia}{,} The Free Encyclopedia",
	year = "2023",
	howpublished = "\url{https://en.wikipedia.org/w/index.php?title=Hamiltonian_path_problem&oldid=1190136070}",
	note = {dostęp: 16 luty 2024}
}

@misc{ maxIndSetDef,
	author = {Eric Vigoda},
	title = {Luby’s Alg. for Maximal Independent Sets using Pairwise Independence},
	year = {2006},
	howpublished = "\url{https://faculty.cc.gatech.edu/~vigoda/RandAlgs/MIS.pdf}",
	note = {dostęp: 27 luty 2024}
}
