@article{DBLP:journals/cacm/MouraB11,
  author       = {Leonardo Mendon{\c{c}}a de Moura and
                  Nikolaj S. Bj{\o}rner},
  title        = {Satisfiability modulo theories: introduction and applications},
  journal      = {Commun. {ACM}},
  volume       = {54},
  number       = {9},
  pages        = {69--77},
  year         = {2011},
  url          = {https://doi.org/10.1145/1995376.1995394},
  doi          = {10.1145/1995376.1995394},
  timestamp    = {Thu, 14 Apr 2022 20:26:10 +0200},
  biburl       = {https://dblp.org/rec/journals/cacm/MouraB11.bib},
  bibsource    = {dblp computer science bibliography, https://dblp.org}
}

